<?xml version="1.0" encoding="UTF-8"?><collection xmlns="http://www.loc.gov/MARC21/slim"><record><leader>00381nam--2200133-i-4500</leader><controlfield tag="001">000025317</controlfield><controlfield tag="002">20161230</controlfield><controlfield tag="005">20161230201035</controlfield><controlfield tag="008">060222s1000------------r-----000-0-eng-d</controlfield><datafield ind1=" " ind2=" " tag="080"><subfield code="a">015:541.139</subfield></datafield><datafield ind1=" " ind2=" " tag="100"><subfield code="a">Ilisca, Ernest</subfield></datafield><datafield ind1=" " ind2=" " tag="245"><subfield code="a">Le magnetisme de surface dans la conversion ortho-para de l`hidrogene. these</subfield></datafield><datafield ind1=" " ind2=" " tag="260"><subfield code="a">Paris, Universite De Paris Vii, 1971. 20p</subfield></datafield><datafield ind1=" " ind2=" " tag="852"><subfield code="a">38263</subfield></datafield></record></collection>